@article{korzeniowski2021artist,
  title={Artist Similarity with Graph Neural Networks},
  author={Korzeniowski, Filip and Oramas, Sergio and Gouyon, Fabien},
  journal={arXiv preprint arXiv:2107.14541},
  year={2021}
}

@article{garcia2021leveraging,
  title={Leveraging hierarchical structures for few-shot musical instrument recognition},
  author={Garcia, Hugo Flores and Aguilar, Aldo and Manilow, Ethan and Pardo, Bryan},
  journal={arXiv preprint arXiv:2107.07029},
  year={2021}
}

@article{hsu2016neural,
  title={Neural network based next-song recommendation},
  author={Hsu, Kai-Chun and Chou, Szu-Yu and Yang, Yi-Hsuan and Chi, Tai-Shih},
  journal={arXiv preprint arXiv:1606.07722},
  year={2016}
}

@article{ji2015next,
  title={Next-song recommendation with temporal dynamics},
  author={Ji, Ke and Sun, Runyuan and Shu, Wenhao and Li, Xiang},
  journal={Knowledge-Based Systems},
  volume={88},
  pages={134--143},
  year={2015},
  publisher={Elsevier}
}

@article{gunawan2019music,
  title={Music recommender system based on genre using convolutional recurrent neural networks},
  author={Gunawan, Alexander AS and Suhartono, Derwin and others},
  journal={Procedia Computer Science},
  volume={157},
  pages={99--109},
  year={2019},
  publisher={Elsevier}
}

@article{deng2015emotional,
  title={Emotional states associated with music: Classification, prediction of changes, and consideration in recommendation},
  author={Deng, James J and Leung, Clement HC and Milani, Alfredo and Chen, Li},
  journal={ACM Transactions on Interactive Intelligent Systems (TiiS)},
  volume={5},
  number={1},
  pages={1--36},
  year={2015},
  publisher={ACM New York, NY, USA}
}

@article{horsburgh2015learning,
  title={Learning pseudo-tags to augment sparse tagging in hybrid music recommender systems},
  author={Horsburgh, Ben and Craw, Susan and Massie, Stewart},
  journal={Artificial Intelligence},
  volume={219},
  pages={25--39},
  year={2015},
  publisher={Elsevier}
}

@inproceedings{choi2017convolutional,
  title={Convolutional recurrent neural networks for music classification},
  author={Choi, Keunwoo and Fazekas, Gy{\"o}rgy and Sandler, Mark and Cho, Kyunghyun},
  booktitle={2017 IEEE International conference on acoustics, speech and signal processing (ICASSP)},
  pages={2392--2396},
  year={2017},
  organization={IEEE}
}

@article{choi2016automatic,
  title={Automatic tagging using deep convolutional neural networks},
  author={Choi, Keunwoo and Fazekas, George and Sandler, Mark},
  journal={arXiv preprint arXiv:1606.00298},
  year={2016}
}

@article{zhang2022music,
  title={Music Recommendation System and Recommendation Model Based on Convolutional Neural Network},
  author={Zhang, Yezi},
  journal={Mobile Information Systems},
  volume={2022},
  year={2022},
  publisher={Hindawi}
}

@article{schedl2019deep,
  title={Deep learning in music recommendation systems},
  author={Schedl, Markus},
  journal={Frontiers in Applied Mathematics and Statistics},
  pages={44},
  year={2019},
  publisher={Frontiers}
}

@inproceedings{hakimi2020bebopnet,
  title={BebopNet: Deep Neural Models for Personalized Jazz Improvisations.},
  author={Hakimi, Shunit Haviv and Bhonker, Nadav and El-Yaniv, Ran},
  booktitle={ISMIR},
  pages={828--836},
  year={2020}
}

@inproceedings{madaghiele2021mingus,
  title={MINGUS: Melodic Improvisation Neural Generator Using Seq2Seq.},
  author={Madaghiele, Vincenzo and Lisena, Pasquale and Troncy, Rapha{\"e}l},
  booktitle={ISMIR},
  pages={412--419},
  year={2021}
}

@inproceedings{raffel2014intuitive,
  title={Intuitive analysis, creation and manipulation of MIDI data with pretty\_midi},
  author={Raffel, Colin and Ellis, Daniel PW},
  booktitle={15th international society for music information retrieval conference late breaking and demo papers},
  pages={84--93},
  year={2014}
}

@article{wu2021midi,
  title={{MIDI-DDSP}: Detailed control of musical performance via hierarchical modeling},
  author={Wu, Yusong and Manilow, Ethan and Deng, Yi and Swavely, Rigel and Kastner, Kyle and Cooijmans, Tim and Courville, Aaron and Huang, Cheng-Zhi Anna and Engel, Jesse},
  journal={arXiv preprint arXiv:2112.09312},
  year={2021}
}

@article{garcia2020sequence,
  title={Sequence Generation using Deep Recurrent Networks and Embeddings: A study case in music},
  author={Garcia-Valencia, Sebastian and Betancourt, Alejandro and Lalinde-Pulido, Juan G},
  journal={arXiv preprint arXiv:2012.01231},
  year={2020}
}

@article{choi2017tutorial,
  title={A tutorial on deep learning for music information retrieval},
  author={Choi, Keunwoo and Fazekas, Gy{\"o}rgy and Cho, Kyunghyun and Sandler, Mark},
  journal={arXiv preprint arXiv:1709.04396},
  year={2017}
}

@misc{Stanford,
  title = {{Stanford CS224N NLP} with Deep Learning},
  howpublished = {\url{https://www.youtube.com/watch?v=rmVRLeJRkl4&ab_channel=StanfordOnline}},
  note = {Dostęp: 11.06.2022}
}

@misc{Tempo,
  title = {Tempo, Beat, and Downbeat Estimation},
  howpublished = {\url{https://tempobeatdownbeat.github.io/tutorial/intro.html}},
  note = {Dostęp: 11.06.2022}
}

@misc{Streamlit,
  title = {Streamlit},
  howpublished = {\url{https://streamlit.io/}},
  note = {Dostęp: 11.06.2022}
}

@misc{Gradio,
  title = {Gradio},
  howpublished = {\url{https://gradio.app/}},
  note = {Dostęp: 11.06.2022}
}

@misc{FFmpeg,
  title = {{FFmpeg}},
  howpublished = {\url{https://ffmpeg.org/}},
  note = {Dostęp: 11.06.2022}
}

@misc{mireval,
  title = {{mir\_eval}},
  howpublished = {\url{https://craffel.github.io/mir_eval/}},
  note = {Dostęp: 11.06.2022}
}

@misc{pyaudio,
  title = {{PyAudio}},
  howpublished = {\url{https://people.csail.mit.edu/hubert/pyaudio/docs/}},
  note = {Dostęp: 11.06.2022}
}

@misc{numpy,
  title = {{NumPy}},
  howpublished = {\url{https://numpy.org/}},
  note = {Dostęp: 11.06.2022}
}

@misc{scipy,
  title = {{SciPy}},
  howpublished = {\url{https://scipy.org/}},
  note = {Dostęp: 11.06.2022}
}

@misc{pandas,
  title = {{pandas}},
  howpublished = {\url{https://pandas.pydata.org/}},
  note = {Dostęp: 11.06.2022}
}

@misc{librosa,
  title = {{librosa}},
  howpublished = {\url{https://librosa.org/doc/latest/index.html}},
  note = {Dostęp: 11.06.2022}
}

@misc{pydub,
  title = {{Pydub}},
  howpublished = {\url{https://github.com/jiaaro/pydub}},
  note = {Dostęp: 11.06.2022}
}

@misc{Essentia,
  title = {{Essentia}},
  howpublished = {\url{https://essentia.upf.edu/index.html}},
  note = {Dostęp: 11.06.2022}
}

@misc{Soundfile,
  title = {{SoundFile}},
  howpublished = {\url{https://pysoundfile.readthedocs.io/en/latest/}},
  note = {Dostęp: 11.06.2022}
}

@misc{Audiomentations,
  title = {{Audiomentations}},
  howpublished = {\url{https://github.com/iver56/audiomentations}},
  note = {Dostęp: 11.06.2022}
}

@misc{albumentations,
  title = {{Albumentations}},
  howpublished = {\url{https://albumentations.ai/}},
  note = {Dostęp: 11.06.2022}
}

@misc{pedalboard,
  title = {{pedalboard}},
  howpublished = {\url{https://github.com/spotify/pedalboard}},
  note = {Dostęp: 11.06.2022}
}

@misc{Torchaudio,
  title = {{Torchaudio}},
  howpublished = {\url{https://pytorch.org/audio/stable/index.html}},
  note = {Dostęp: 11.06.2022}
}

@misc{mirdata,
  title = {{mirdata}},
  howpublished = {\url{https://mirdata.readthedocs.io/en/latest/}},
  note = {Dostęp: 11.06.2022}
}

@misc{MusPy,
  title = {{MusPy}},
  howpublished = {\url{https://github.com/salu133445/muspy}},
  note = {Dostęp: 11.06.2022}
}

@misc{Pypianoroll,
  title = {{Pypianoroll}},
  howpublished = {\url{https://salu133445.github.io/pypianoroll/}},
  note = {Dostęp: 11.06.2022}
}

@misc{Music21,
  title = {{Music21}},
  howpublished = {\url{https://web.mit.edu/music21/}},
  note = {Dostęp: 11.06.2022}
}

@misc{muzycznywirus,
  title = {{Muzyczny wirus korony królów}},
  howpublished = {\url{https://glissando.pl/tekst/muzyczny-wirus-korony-krolow/}},
  note = {Dostęp: 10.11.2022}
}

@misc{Mido,
  title = {{Mido}},
  howpublished = {\url{https://mido.readthedocs.io/en/latest/}},
  note = {Dostęp: 11.06.2022}
}

@misc{prettymidi,
  title = {{pretty\_midi}},
  howpublished = {\url{https://craffel.github.io/pretty-midi/}},
  note = {Dostęp: 11.06.2022}
}

@misc{pythonmidi,
  title = {{python-midi}},
  howpublished = {\url{https://github.com/vishnubob/python-midi}},
  note = {Dostęp: 11.06.2022}
}